@article{Efimov:1970zz,
      author         = "Efimov, V.",
      title          = "{Energy levels arising form the resonant two-body forces
                        in a three-body system}",
      journal        = "Phys. Lett.",
      volume         = "33B",
      year           = "1970",
      pages          = "563-564",
      doi            = "10.1016/0370-2693(70)90349-7",
      SLACcitation   = "%%CITATION = PHLTA,33B,563;%%"
}
